@techreport{gentzkow2014code,
  title={Code and data for the social sciences: A practitionerâ€™s guide},
  author={Gentzkow, Matthew and Shapiro, Jesse M},
  year={2014},
  institution={Working Paper, University of Chicago}
}
